
@DocuShare{DMTR-71,
  author = {Fritz Mueller},
   title = "{LVV-P46 (2018 qserv large scale testing) Test Plan and Report}",
    year = 2019,
   month = jul,
  handle = {DMTR-71},
     url = {https://dmtr-71.lsst.io/},
}

@DocuShare{DMTR-102,
  author = {Michelle Butler},
   title = "{LDM-503-8b (Small Scale CCOB Data Access) Test Plan and Report}",
    year = 2019,
   month = feb,
  handle = {DMTR-102},
     url = {https://dmtr-102.lsst.io/},
}

@DocuShare{DMTR-121,
  author = {Michelle Butler},
   title = "{LDM-503-8 (Spectrograph Data Acquisition) Test Plan and Report}",
    year = 2019,
   month = feb,
  handle = {DMTR-121},
     url = {https://dmtr-121.lsst.io/},
}

@DocuShare{DMTR-151,
  author = {Jeff Kantor},
   title = "{LVV-P47 (Summit - base network integration) Test Plan and Report}",
    year = 2019,
   month = feb,
  handle = {DMTR-151},
     url = {https://dmtr-151.lsst.io/},
}

@DocuShare{LSE-419,
  author = {Keith Bechtol},
   title = "{Commissioning Science Verification Test Specification}",
    year = 2019,
   month = feb,
  handle = {LSE-419},
     url = {https://lse-419.lsst.io/},
}
